@misc{xmlrpc-v3,
	author = "The Apache Software Foundation",
	title = "Downloading Apache XML-RPC",
	year = "2010",
	howPublished = "\url{https://ws.apache.org/xmlrpc/download.html}",
	note = "[Online; last accessed 2015 January 15]"
}

@misc{xmlrpc-v2,
	author = "MvnRepository",
	title = "Apache XML RPC Â» 2.0.1",
	year = "2014",
	howPublished = "\url{http://mvnrepository.com/artifact/org.apache.ws.xmlrpc/xmlrpc/2.0.1}",
	note = "[Online; last accessed 2015 January 15]"
}

@misc{log,
	author = "Apache Software Foundation",
	title = "Apache Log4j 2",
	year = "2014",
	howPublished = "\url{http://logging.apache.org/log4j/2.x/}",
	note = "[Online; last accessed 2015 January 15]"
}

@misc{ant-log,
	author = "Peter Hilton",
	title = "How can I provide a custom log4j.xml for different ant tasks?",
	year = "2010",
	howPublished = "\url{http://stackoverflow.com/questions/481808/how-can-i-provide-a-custom-log4j-xml-for-different-ant-tasks}",
	note = "[Online; last accessed 2015 January 15]"
}